<collection xmlns="http://www.loc.gov/MARC21/slim">
  <record>
    <controlfield tag="001">1801</controlfield>
    <datafield tag="110" ind1=" " ind2=" ">
      <subfield code="a">CMS collaboration</subfield>
    </datafield>
    <datafield tag="245" ind1=" " ind2=" ">
      <subfield code="a">Condition data for 2011 CMS collision data</subfield>
    </datafield>
    <datafield tag="260" ind1=" " ind2=" ">
      <subfield code="b">CERN Open Data Portal</subfield>
      <subfield code="c">2016</subfield>
    </datafield>
    <datafield tag="264" ind1=" " ind2="0">
      <subfield code="c">2011</subfield>
    </datafield>
    <datafield tag="520" ind1=" " ind2=" ">
      <subfield code="a">![CDATA[<p>Condition database includes non-event-related
      information (Alignment, Calibration, Temperature, etc) and parameters for
      simulation/reconstruction/analysis software.</p>
      <p> These files are needed when running a CMSSW job on the Open Data VM. They are automatically read from 
      the /cvmfs/cms-opendata-conddb.cern.ch runtime, you do not need to download these files from here separately.</p>
      <p>START53_LVA1 is to be used with the simulated data, and FT_53_LV5_AN1_RUNA is to be used with the collision data
      of RunA 2011 (with the event range of the open data, the file for the full event range for 2011 are also stored 
      under FT_53_LV5_AN1 on /cvmfs/cms-opendata-conddb.cern.ch)</p>]]</subfield>
    </datafield>
    <datafield tag="693" ind1=" " ind2=" ">
      <subfield code="a">CERN-LHC</subfield>
      <subfield code="e">CMS</subfield>
    </datafield>
    <datafield tag="964" ind1=" " ind2="0">
      <subfield code="c">Run2011A</subfield>
    </datafield>
    <datafield tag="980" ind1=" " ind2=" ">
      <subfield code="a">CMS-Condition-Data</subfield>
    </datafield>
    <datafield tag="980" ind1=" " ind2=" ">
      <subfield code="b">Research</subfield>
    </datafield>
  </record>